% This file was created with JabRef 2.10b2.
% Encoding: UTF-8


@InCollection{Androsov.2011,
  Title                    = {{Tsunami Modelling with Unstructured Grids. Interaction between Tides and Tsunami Waves}},
  Author                   = {Androsov, Alexey and Behrens, J{\"o}rn and Danilov, Sergey},
  Publisher                = {Springer Berlin Heidelberg},
  Year                     = {2011},
  Editor                   = {Krause, Egon and Shokin, Yurii and Resch, Michael and Kr{\"o}ner, Dietmar and Shokina, Nina},
  Pages                    = {191--206},
  Series                   = {{Notes on numerical fluid mechanics and multidisciplinary design}},
  Volume                   = {115},

  ISBN                     = {978-3-642-17769-9},
  Localfile                = {/home/anjajeschke/Desktop/Literatur/Literatur gelesen/Androsov ea. (2011) TAM model.pdf},
  Url                      = {http://dx.doi.org/10.1007/978-3-642-17770-5_15}
}

@Article{Asselin.1972,
  Title                    = {{Frequency Filter for Time Integrations}},
  Author                   = {Asselin, Richard},
  Journal                  = {Mon. Wea. Rev.},
  Year                     = {1972},
  Number                   = {6},
  Pages                    = {487--490},
  Volume                   = {100},

  Doi                      = {10.1175/1520-0493(1972)100},
  ISSN                     = {0027-0644},
  Localfile                = {/home/anjajeschke/Desktop/Literatur/Asselin (1972) Frequency Filter.pdf},
  Url                      = {http://dx.doi.org/10.1175/1520-0493(1972)100<0487:FFFTI>2.3.CO}
}

@Article{Behrens.2005,
  Title                    = {{amatos: Parallel adaptive mesh generator for atmospheric and oceanic simulation}},
  Author                   = {Behrens, J{\"o}rn and Rakowsky, Natalja and Hiller, Wolfgang and Handorf, D{\"o}rthe and L{\"a}uter, Matthias and P{\"a}pke, J{\"u}rgen and Dethloff, Klaus},
  Journal                  = {Ocean Modelling},
  Year                     = {2005},
  Number                   = {1},
  Pages                    = {171--183},
  Volume                   = {10},

  Abstract                 = {Adaptive Modelle meist Vierecksgitter. amatos: Dreiecke, FEM, space-filling curves, unstrukturierte Gitter, Bisektion, uniformes Anfangsgitter m{\"o}glichst grob, gutes Matrixordnungsverfahren f{\"u}r L{\"o}sen der FEM-Matrix, Einfluss von kleinen Skalen auf gro{\ss}e Skalen muss noch untersucht werden.},
  Localfile                = {/home/anjajeschke/Desktop/Literatur/Literatur gelesen/Behrens ea. (2004) Atamos.pdf; /home/anjajeschke/Desktop/Literatur/Literatur gelesen/Behrens ea. (2005) Atamos.pdf},
  Publisher                = {Elsevier}
}

@Article{BejiBattjes.1994,
  Title                    = {Numerical simulation of nonlinear wave propagation over a bar},
  Author                   = {S. Beji and J.A. Battjes},
  Journal                  = {Coastal Engineering},
  Year                     = {1994},
  Number                   = {1},
  Pages                    = {1 - 16},
  Volume                   = {23},

  Doi                      = {http://dx.doi.org/10.1016/0378-3839(94)90012-4},
  ISSN                     = {0378-3839},
  Owner                    = {jeschke},
  Timestamp                = {2016.06.20},
  Url                      = {http://www.sciencedirect.com/science/article/pii/0378383994900124}
}

@Article{BejiBattjes.1993,
  Title                    = {Experimental investigation of wave propagation over a bar},
  Author                   = {S. Beji and J.A. Battjes},
  Journal                  = {Coastal Engineering},
  Year                     = {1993},
  Number                   = {1},
  Pages                    = {151 - 162},
  Volume                   = {19},

  Doi                      = {http://dx.doi.org/10.1016/0378-3839(93)90022-Z},
  ISSN                     = {0378-3839},
  Owner                    = {jeschke},
  Timestamp                = {2016.06.20},
  Url                      = {http://www.sciencedirect.com/science/article/pii/037838399390022Z}
}

@Article{Boussinesq.1872,
  Title                    = {{Théorie des ondes et des remous qui se propagent le long d’un canal rectangulaire horizontal, en communiquant au liquide contenu dans ce canal des vitesses sensiblement pareilles de la surface au fond.}},
  Author                   = {Boussinesq, J.},
  Journal                  = {J. Math. Pures Appl.},
  Year                     = {1872},
  Pages                    = {55–108},
  Volume                   = {17}
}

@Article{Boussinesq.1871,
  Title                    = {{Théorie générale des mouvements qui sont propagés dans un canal rectangulaire horizontal.}},
  Author                   = {Boussinesq, J.V.},
  Journal                  = {C. R. Acad. Sci},
  Year                     = {1871},
  Pages                    = {256–260},
  Volume                   = {Paris 73}
}

@Article{Brocchini.2013,
  Title                    = {A reasoned overview on Boussinesq-type models: an interplay between physics, mathematics and numerics},
  Author                   = {Brocchini, M.},
  Journal                  = {Proceeding Royal Society A},
  Year                     = {2013},

  Owner                    = {jeschke},
  Timestamp                = {2016.04.15}
}

@Article{Casulli.1999,
  Title                    = {{A semi-implicit finite difference method for non-hydrostatic, free-surface flows}},
  Author                   = {Casulli, Vincenzo},
  Journal                  = {International Journal for Numerical Methods in Fluids},
  Year                     = {1999},
  Number                   = {4},
  Pages                    = {425--440},
  Volume                   = {30},

  Doi                      = {10.1002/(SICI)1097-0363(19990630)30:4<425::AID-FLD847>3.0.CO;2-D},
  ISSN                     = {1097-0363},
  Keywords                 = {Navier--Stokes; shallow water; free-surface; semi-implicit; non-hydrostatic; three-dimensional},
  Localfile                = {2-D},
  Publisher                = {John Wiley \& Sons, Ltd.},
  Review                   = {The above scheme is further improved by including a correction for the free-surface in such a fashion that the new free-surface elevation is implicitly coupled with the non-hydrostatic pressure and with the new velocity field. In so doing, the splitting error is reduced, the resulting algorithm is locally and globally mass conservative, and applies to a wider class of free-surface problems ranging from hydrostatic to fully non-hydrostatic. He has only to correct the surface elevation, too, because of the scheme is semi-implicit.},
  Url                      = {http://dx.doi.org/10.1002/(SICI)1097-0363(19990630)30:4<425::AID-FLD847>3.0.CO}
}

@Article{CasulliStelling.1998,
  Title                    = {{Numerical Simulation of 3D Quasi-Hydrostatic, Free-Surface Flows.}},
  Author                   = {Casulli, V. and Stelling, G.},
  Journal                  = {J. Hydraul. Eng.},
  Year                     = {1998},
  Pages                    = {678--686},
  Volume                   = {124(7)}
}

@Article{Chorin.1968,
  Title                    = {{Numerical Solution of the Navier-Stokes Equations}},
  Author                   = {Chorin, A.J.},
  Journal                  = {Mathematics of Computation},
  Year                     = {1968},
  Number                   = {104},
  Pages                    = {745--762},
  Volume                   = {22},

  Doi                      = {10.2307/2004575},
  ISSN                     = {{0025-5718}},
  Owner                    = {jeschke},
  Timestamp                = {2016.03.07},
  Unique-id                = {{ISI:A1968C370400004}}
}

@Article{Cienfuegos.2006,
  Title                    = {A fourth-order compact finite volume scheme for fully nonlinear and weakly dispersive Boussinesq-type equations. Part I: model development and analysis},
  Author                   = {Cienfuegos, R. and Barthélemy, E. and Bonneton, P.},
  Journal                  = {International Journal for Numerical Methods in Fluids},
  Year                     = {2006},
  Number                   = {11},
  Pages                    = {1217--1253},
  Volume                   = {51},

  Doi                      = {10.1002/fld.1141},
  ISSN                     = {1097-0363},
  Keywords                 = {Boussinesq-type equations, Serre equations, finite volume method, compact schemes},
  Owner                    = {jeschke},
  Publisher                = {John Wiley \& Sons, Ltd.},
  Timestamp                = {2015.05.11},
  Url                      = {http://dx.doi.org/10.1002/fld.1141}
}

@Article{Cui.2014,
  Title                    = {Optimal dispersion with minimized Poisson equations for non-hydrostatic free surface flows },
  Author                   = {Haiyang Cui and J.D. Pietrzak and G.S. Stelling},
  Journal                  = {Ocean Modelling },
  Year                     = {2014},
  Pages                    = {1 - 12},
  Volume                   = {81},

  Doi                      = {http://dx.doi.org/10.1016/j.ocemod.2014.06.004},
  ISSN                     = {1463-5003},
  Keywords                 = {Surface wave},
  Owner                    = {jeschke},
  Timestamp                = {2015.07.22},
  Url                      = {http://www.sciencedirect.com/science/article/pii/S146350031400078X}
}

@Article{DiasMilewski.2010,
  Title                    = {{On the fully-nonlinear shallow-water generalized Serre equations}},
  Author                   = {Dias, Fr{\'e}d{\'e}ric and Milewski, Paul},
  Journal                  = {Physics Letters A},
  Year                     = {2010},
  Number                   = {8},
  Pages                    = {1049--1053},
  Volume                   = {374},

  Doi                      = {10.1016/j.physleta.2009.12.043},
  ISSN                     = {0375-9601},
  Keywords                 = {Boussinesq equations; Shallow-water equations; Solitary waves; Surface tension},
  Url                      = {http://www.sciencedirect.com/science/article/pii/S0375960109015795}
}

@TechReport{Dingemans.1994,
  Title                    = {Comparison of computations with Boussinesq-like models and laboratory measurements},
  Author                   = {Dingemans, MW.},
  Institution              = {H1684.12, Delft Hydraulics},
  Year                     = {1994},

  Booktitle                = {Technical Report H1684.12},
  ISBN                     = {978-3-642-17769-9},
  Localfile                = {/home/anjajeschke/Desktop/Literatur/Literatur gelesen/Androsov ea. (2011) TAM model.pdf},
  Publisher                = {Delft Hydraulics}
}

@Article{Donahue.2015,
  Title                    = {A Boussinesq-scaled, pressure-Poisson water wave model},
  Author                   = {Donahue, Aaron S and Zhang, Yao and Kennedy, Andrew B and Westerink, Joannes J and Panda, Nishant and Dawson, Clint},
  Journal                  = {Ocean Modelling},
  Year                     = {2015},
  Pages                    = {36--57},
  Volume                   = {86},

  Owner                    = {jeschke},
  Publisher                = {Elsevier},
  Timestamp                = {2016.03.03}
}

@PhdThesis{Fuchs.2013,
  Title                    = {{Effiziente parallele Verfahren zur L{\"o}sung verteilter, d{\"u}nnbesetzter Gleichungssysteme eines nichthydrostatischen Tsunamimodells}},
  Author                   = {Fuchs, Annika},
  School                   = {AWI, Universit{\"a}t Bremen},
  Year                     = {2013},

  Localfile                = {/home/anjajeschke/Desktop/Literatur/Literatur gelesen/Fuchs (2013) Diss.pdf},
  Url                      = {http://elib.suub.uni-bremen.de/edocs/00103439-1.pdf}
}

@Article{Glimsdal.2013,
  Title                    = {Dispersion of tsunamis; does it really matter?},
  Author                   = {S. Glimsdal and G. K. Pedersen and C. B. Harbitz and F. L{\o}vholt},
  Journal                  = {Natural hazards and earth system sciences},
  Year                     = {2013},
  Number                   = {6},
  Pages                    = {1507-1526},
  Volume                   = {13}
}

@Article{GreenNaghdi.1976,
  Title                    = {A derivation of equations for wave propagation in water of variable depth},
  Author                   = {Green,A. E. and Naghdi,P. M.},
  Journal                  = {Journal of Fluid Mechanics},
  Year                     = {1976},

  Month                    = {11},
  Pages                    = {237--246},
  Volume                   = {78},

  Doi                      = {10.1017/S0022112076002425},
  ISSN                     = {1469-7645},
  Issue                    = {02},
  Numpages                 = {10},
  Url                      = {http://journals.cambridge.org/article_S0022112076002425}
}

@Article{Hanert.2005,
  Title                    = {An efficient Eulerian finite element method for the shallow water equations },
  Author                   = {Emmanuel Hanert and Daniel Y. Le Roux and Vincent Legat and Eric Deleersnijder},
  Journal                  = {Ocean Modelling },
  Year                     = {2005},
  Note                     = {The Second International Workshop on Unstructured Mesh Numerical Modelling of Coastal, Shelf and Ocean Flows },
  Number                   = {1–2},
  Pages                    = {115 - 136},
  Volume                   = {10},

  Doi                      = {http://dx.doi.org/10.1016/j.ocemod.2004.06.006},
  ISSN                     = {1463-5003},
  Keywords                 = {Finite elements},
  Url                      = {http://www.sciencedirect.com/science/article/pii/S1463500304000678}
}

@Article{Jeschke.2016,
  Title                    = {Depth-averaged nonhydrostatic extension for shallow water equations with quadratic vertical pressure profile: Equivalence to Boussinesq-type equations},
  Author                   = {Anja Jeschke and Geir K. Pedersen and Stefan Vater and J{\"o}rn Behrens},
  Journal                  = {International Journal for Numerical Methods in Fluids, in prep.},
  Year                     = {2016},

  ISSN                     = {0271-2091},
  Localfile                = {/home/anjajeschke/Desktop/Literatur/Literatur gelesen/Stelling&Zijlema (2003) FDM FWG-nh.pdf},
  Owner                    = {jeschke}
}

@Article{LannesBonneton.2009,
  Title                    = {{Derivation of asymptotic two-dimensional time-dependent equations for surface water wave propagation}},
  Author                   = {Lannes, David and Bonneton, Philippe},
  Journal                  = {Physics of Fluids (1994-present)},
  Year                     = {2009},
  Number                   = {1},
  Pages                    = {016601},
  Volume                   = {21},

  Localfile                = {/home/anjajeschke/Desktop/Literatur/Lannes&Bonneton (2009).pdf},
  Publisher                = {AIP Publishing}
}

@TechReport{Luth.1994,
  Title                    = {Project 13G: Kinematics of waves breaking partially on an o shore bar; LDV measurements for waves with and without a net onshore current.},
  Author                   = {HR Luth and G Klopman and N Kitou},
  Institution              = {H1573, Delft Hydraulics},
  Year                     = {1994},

  Owner                    = {jeschke},
  Timestamp                = {2016.06.20}
}

@Article{Madsen.2002,
  Title                    = {A new Boussinesq method for fully nonlinear waves from shallow to deep water},
  Author                   = {Madsen, Per A and Bingham, HB and Liu, Hua},
  Journal                  = {Journal of Fluid Mechanics},
  Year                     = {2002},
  Pages                    = {1--30},
  Volume                   = {462},

  Owner                    = {jeschke},
  Publisher                = {Cambridge University Press},
  Timestamp                = {2016.03.10}
}

@Article{MadsenSchaeffer.1998,
  Title                    = {Higher-order {B}oussinesq-type equations for surface gravity waves: derivation and analysis},
  Author                   = {Madsen, P. A. and Sch{\"a}ffer H.A.},
  Journal                  = {Phil Trans R Soc Lond A},
  Year                     = {1998},
  Pages                    = {3123--3184},
  Volume                   = {356},

  Owner                    = {jeschke},
  Timestamp                = {2016.04.15}
}

@Article{MadsenSorensen.1992,
  Title                    = {A new form of the Boussinesq equations with improved linear dispersion characteristics. Part 2. A slowly-varying bathymetry},
  Author                   = {Madsen, Per A and S{\o}rensen, Ole R},
  Journal                  = {Coastal engineering},
  Year                     = {1992},
  Number                   = {3},
  Pages                    = {183--204},
  Volume                   = {18},

  Owner                    = {jeschke},
  Publisher                = {Elsevier},
  Timestamp                = {2016.03.10}
}

@Article{Panda.2014,
  Title                    = {Discontinuous Galerkin methods for solving Boussinesq–Green–Naghdi equations in resolving non-linear and dispersive surface water waves },
  Author                   = {Nishant Panda and Clint Dawson and Yao Zhang and Andrew B. Kennedy and Joannes J. Westerink and Aaron S. Donahue},
  Journal                  = {Journal of Computational Physics },
  Year                     = {2014},
  Pages                    = {572 - 588},
  Volume                   = {273},

  Abstract                 = {Abstract A local discontinuous Galerkin method for Boussinesq–Green–Naghdi equations is presented and validated against experimental results for wave transformation over a submerged shoal. Currently Green–Naghdi equations have many variants. In this paper a numerical method in one dimension is presented for the Green–Naghdi equations based on rotational characteristics in the velocity field. Stability criterion is also established for the linearized Green–Naghdi equations for both the analytical problem and the numerical method. Verification is done against a linearized standing wave problem in flat bathymetry and h, p (denoted by K in this paper) error rates are plotted. Validation plots show good agreement of the numerical results with the experimental ones. },
  Doi                      = {http://dx.doi.org/10.1016/j.jcp.2014.05.035},
  ISSN                     = {0021-9991},
  Keywords                 = {Rotational Boussinesq–Green–Naghdi},
  Owner                    = {jeschke},
  Timestamp                = {2016.03.10},
  Url                      = {http://www.sciencedirect.com/science/article/pii/S0021999114003982}
}

@Article{Peregrine.1972,
  Title                    = {Equations for water waves and the approximation behind them},
  Author                   = {Peregrine, D. H.},
  Journal                  = {Meyer RE (ed) Waves on beaches, Academic Press, New York},
  Year                     = {1972},
  Pages                    = {357--412},

  Owner                    = {jeschke},
  Timestamp                = {2016.04.15}
}

@Article{Peregrine.1967,
  Title                    = {{Long waves on a beach}},
  Author                   = {Peregrine, D. H.},
  Journal                  = {Journal of Fluid Mechanics},
  Year                     = {1967},

  Month                    = {3},
  Pages                    = {815--827},
  Volume                   = {27},

  Doi                      = {10.1017/S0022112067002605},
  ISSN                     = {1469-7645},
  Issue                    = {04},
  Numpages                 = {13},
  Url                      = {http://journals.cambridge.org/article_S0022112067002605}
}

@Article{LeRoux.2005,
  Title                    = {Dispersion Relation Analysis of the \$P^NC\_1 - P^\_1\$ Finite-Element Pair in Shallow-Water Models},
  Author                   = {Daniel Y. Le Roux},
  Journal                  = {SIAM Journal on Scientific Computing},
  Year                     = {2005},
  Number                   = {2},
  Pages                    = {394-414},
  Volume                   = {27},

  Doi                      = {10.1137/030602435},
  Eprint                   = {http://dx.doi.org/10.1137/030602435},
  Owner                    = {jeschke},
  Timestamp                = {2016.02.29},
  Url                      = {http://dx.doi.org/10.1137/030602435}
}

@Article{LeRouxPouliot.2008,
  Title                    = {Analysis of Numerically Induced Oscillations in Two-Dimensional Finite-Element Shallow-Water Models Part II: Free Planetary Waves},
  Author                   = {Daniel Y. Le Roux and Benoit Pouliot},
  Journal                  = {SIAM Journal on Scientific Computing},
  Year                     = {2008},
  Number                   = {4},
  Pages                    = {1971-1991},
  Volume                   = {30},

  Doi                      = {10.1137/070697872},
  Eprint                   = {http://dx.doi.org/10.1137/070697872},
  Owner                    = {jeschke},
  Timestamp                = {2016.02.29},
  Url                      = {http://dx.doi.org/10.1137/070697872}
}

@Article{LeRoux.2007,
  Title                    = {Analysis of Numerical Induced Oscilations in Two-Dimensional Shallow‐Water Models Part 1: Inertia‐Gravity Waves},
  Author                   = {Daniel Y. Le Roux and Virgile Rostand and Benoit Pouliot},
  Journal                  = {SIAM Journal on Scientific Computing},
  Year                     = {2007},
  Number                   = {1},
  Pages                    = {331-360},
  Volume                   = {29},

  Doi                      = {10.1137/060650106},
  Eprint                   = {http://dx.doi.org/10.1137/060650106},
  Owner                    = {jeschke},
  Timestamp                = {2016.02.29},
  Url                      = {http://dx.doi.org/10.1137/060650106}
}

@Article{LeRoux.1998,
  Title                    = {{Finite Elements for Shallow-Water Equation Ocean Models}},
  Author                   = {Roux, Daniel Y. Le and Staniforth, Andrew and Lin, Charles A.},
  Journal                  = {Monthly Weather Review},
  Year                     = {1998},
  Volume                   = {126},

  Doi                      = {10.1175/1520-0493(1998)126},
  Issue                    = {7},
  Localfile                = {/home/anjajeschke/Desktop/Literatur/Literatur gelesen/LeRoux ea. (1998) Choice FEM pair.pdf},
  Masid                    = {261718}
}

@Article{Seabra-Santos.1987,
  Title                    = {{Numerical and experimental study of the transformation of a solitary wave over a shelf or isolated obstacle}},
  Author                   = {Seabra-Santos, Fernando J. and Renouard, Dominique P. and Temperville, Andr{\'e} M.},
  Journal                  = {Journal of Fluid Mechanics},
  Year                     = {1987},

  Month                    = {3},
  Pages                    = {117--134},
  Volume                   = {176},

  Doi                      = {10.1017/S0022112087000594},
  ISSN                     = {1469-7645},
  Numpages                 = {18},
  Url                      = {http://journals.cambridge.org/article_S0022112087000594}
}

@Article{Serre.1953,
  Title                    = {{Contribution {\`a} l'{\'e}tude des {\'e}coulements permanents et variables dans les canaux}},
  Author                   = {Serre, Fran\c{c}ois},
  Journal                  = {La Houille Blanche},
  Year                     = {1953},
  Number                   = {3},
  Pages                    = {374--388},

  Publisher                = {EDP Sciences}
}

@Article{StansbyZhou.1998,
  Title                    = {Shallow-water flow solver with non-hydrostatic pressure: 2D vertical plane problems},
  Author                   = {Stansby, P. K. and Zhou, J. G.},
  Journal                  = {International Journal for Numerical Methods in Fluids},
  Year                     = {1998},
  Number                   = {3},
  Pages                    = {541--563},
  Volume                   = {28},

  Doi                      = {10.1002/(SICI)1097-0363(19980915)28:3<541::AID-FLD738>3.0.CO;2-0},
  ISSN                     = {1097-0363},
  Keywords                 = {shallow-water flow, non-hydrostatic pressure, k–ϵ turbulence model, σ-co-ordinate},
  Owner                    = {jeschke},
  Publisher                = {John Wiley \& Sons, Ltd},
  Timestamp                = {2015.03.12},
  Url                      = {http://dx.doi.org/10.1002/(SICI)1097-0363(19980915)28:3<541::AID-FLD738>3.0.CO;2-0}
}

@Article{StellingZijlema.2003,
  Title                    = {{An accurate and efficient finite-difference algorithm for non-hydrostatic free-surface flow with application to wave propagation}},
  Author                   = {Stelling, G. and Zijlema, M.},
  Journal                  = {International Journal for Numerical Methods in Fluids},
  Year                     = {2003},
  Number                   = {1},
  Pages                    = {1--23},
  Volume                   = {43},

  Doi                      = {10.1002/fld.595},
  ISSN                     = {0271-2091},
  Localfile                = {/home/anjajeschke/Desktop/Literatur/Literatur gelesen/Stelling&Zijlema (2003) FDM FWG-nh.pdf}
}

@Article{Walters.2005,
  Title                    = {{A semi-implicit finite element model for non-hydrostatic (dispersive) surface waves}},
  Author                   = {Walters, Roy A.},
  Journal                  = {International Journal for Numerical Methods in Fluids},
  Year                     = {2005},
  Number                   = {7},
  Pages                    = {721--737},
  Volume                   = {49},

  Doi                      = {10.1002/fld.1019},
  ISSN                     = {1097-0363},
  Keywords                 = {finite element; finite volume; wave propagation; non-hydrostatic; free surface; tsunami; dispersive waves},
  Localfile                = {/home/anjajeschke/Desktop/Literatur/Literatur gelesen/Walters (2005) FEM FWG-nh.pdf},
  Url                      = {http://dx.doi.org/10.1002/fld.1019}
}

@Article{WeiJia.2014,
  Title                    = {{Simulation of nearshore wave processes by a depth-integrated non-hydrostatic finite element model}},
  Author                   = {Wei, Zhangping and Jia, Yafei},
  Journal                  = {Coastal Engineering},
  Year                     = {2014},
  Number                   = {0},
  Pages                    = {93--107},
  Volume                   = {83},

  Abstract                 = {Boussinesq-Gleichungen m{\"u}ssen {\"u}ber Parameter angepasst werden, damit nearshore prozesse dargestellt werden k{\"o}nnen (Wei\&Jia(2013)) Boussinesq-Gleichung und nh-SWE stellen auch nur den lumped prozess und nicht den detailierten dar (Wei\&Jia(2013)) nh-SWE k{\"o}nnen unstetige Str{\"o}mungen mit steilen Grad gut h{\"a}ndeln falls Momentum auf diskretem Level erhalten bleibt.(Wei\&Jia(2013), dann Stelling and Duinmeijer, 2003) dazu konservative Gleichungen (mit Erhaltungsgr{\"o}{\ss}en hu und hv) l{\"o}sen oder conservation scheme entwickeln Die Dissipation erzeugt durch Wellenbrechung wird mit Smagorinsky berechnet. Ziel der letzten Zeit ist Rechenaufwand zu reduzieren in nearshore Prozessen bei nh-Modellen, sonst 10-20 Schichten n{\"o}tig. Smit (2013) entwickelte hydrostatische Frontapproxiamtion, dann viel weniger Schichten n{\"o}tig.},
  Doi                      = {10.1016/j.coastaleng.2013.10.002},
  ISSN                     = {0378-3839},
  Keywords                 = {Non-hydrostatic; Wave breaking; Wave run-up; Depth-integrated; Momentum conservation; \{CCHE2D\}},
  Localfile                = {/home/anjajeschke/Desktop/Literatur/Wei&Jia (2013.10) nh-FEM konform.pdf},
  Review                   = {depth-averaged nh-Modell with a FEM, derived on conservation formulation, automatically shock-capturing},
  Url                      = {http://www.sciencedirect.com/science/article/pii/S0378383913001580}
}

@Book{Whitham.1974,
  Title                    = {{Linear and Nonlinear Waves}},
  Author                   = {Whitham, G. B.},
  Publisher                = {J. Wiley \& Sons},
  Year                     = {1974},
  Series                   = {{p.3,6}},

  Masid                    = {1977794}
}

@Article{Yamazaki.2008,
  Title                    = {Depth-integrated, non-hydrostatic model for wave breaking and run-up},
  Author                   = {Yamazaki, Yoshiki and Kowalik, Zygmunt and Cheung, Kwok Fai},
  Journal                  = {International Journal for Numerical Methods in Fluids},
  Year                     = {2009},
  Number                   = {5},
  Pages                    = {473--497},
  Volume                   = {61},

  Doi                      = {10.1002/fld.1952},
  ISSN                     = {1097-0363},
  Keywords                 = {non-hydrostatic, dispersive waves, upwind flux approximation, momentum-conserved advection, breaking waves, run-up},
  Owner                    = {jeschke},
  Publisher                = {John Wiley \& Sons, Ltd.},
  Timestamp                = {2016.03.02},
  Url                      = {http://dx.doi.org/10.1002/fld.1952}
}

@Article{Zhang.2013,
  Title                    = {Boussinesq–Green–Naghdi rotational water wave theory },
  Author                   = {Yao Zhang and Andrew B. Kennedy and Nishant Panda and Clint Dawson and Joannes J. Westerink},
  Journal                  = {Coastal Engineering },
  Year                     = {2013},
  Pages                    = {13 - 27},
  Volume                   = {73},

  Doi                      = {http://dx.doi.org/10.1016/j.coastaleng.2012.09.005},
  ISSN                     = {0378-3839},
  Keywords                 = {Water waves},
  Owner                    = {jeschke},
  Timestamp                = {2016.03.10},
  Url                      = {http://www.sciencedirect.com/science/article/pii/S037838391200155X}
}

@Article{Zijlema.2011,
  Title                    = {SWASH: An operational public domain code for simulating wave fields and rapidly varied flows in coastal waters },
  Author                   = {Marcel Zijlema and Guus Stelling and Pieter Smit},
  Journal                  = {Coastal Engineering },
  Year                     = {2011},
  Number                   = {10},
  Pages                    = {992 - 1012},
  Volume                   = {58},

  Doi                      = {http://dx.doi.org/10.1016/j.coastaleng.2011.05.015},
  ISSN                     = {0378-3839},
  Keywords                 = {Non-hydrostatic modelling},
  Owner                    = {jeschke},
  Timestamp                = {2016.03.10},
  Url                      = {http://www.sciencedirect.com/science/article/pii/S0378383911000974}
}

